@article{1,
	author = {Félix Tréguer, Gaël Trouvé},
	title = {Le coût écologique d’internet est trop lourd, il faut penser un internet low-tech},	
	url = {https://reporterre.net/Le-cout-ecologique-d-internet-est-trop-lourd-il-faut-penser-un-internet-low},
	urldate = {2017-05-27}
}